
% ========================== OTHER ==========================

%misc{,
%  Abstract     = {},
%  Author       = {o.V.},
%  Publisher    = {},
%  Editor       = {{SAP SE}},
%  Year         = {o.J.},
%  Month        = {},
%  Editon       = {},
%  Volume       = {},
%  Title        = {},
%  Howpublished = {\url{}},
%  Address      = {o.O.},
%  Language     = {de},
%  Urldate      = {YYYY-MM-DD}
%}

%book{,
%  Abstract     = {},
%  Author       = {Nachname, Vorname},
%  Publisher    = {},
%  Year         = {},
%  Month        = {}
%  Edition      = {2},
%  Volume       = {2. Auflage},
%  Title        = {},
%  ISBN         = {},
%  URL          = {},
%  Address      = {Wiesbaden, Deutschland},
%  Language     = {de}
%}
